 @misc{killick_eckley_1970, title={Changepoint:an R package for changepoint analysis}, url={https://eprints.lancs.ac.uk/id/eprint/51975/}, journal={Lancaster EPrints}, publisher={Lancaster University}, author={Killick, Rebecca and Eckley, Idris}, year={1970}, month={Jan}} 