@article{ponzo2018does,
  title={Does the home advantage depend on crowd support? Evidence from same-stadium derbies},
  author={Ponzo, Michela and Scoppa, Vincenzo},
  journal={Journal of Sports Economics},
  volume={19},
  number={4},
  pages={562--582},
  year={2018},
  publisher={Sage Publications Sage CA: Los Angeles, CA}
}
@article{wunderlich2021does,
  title={How does spectator presence affect football? Home advantage remains in European top-class football matches played without spectators during the COVID-19 pandemic},
  author={Wunderlich, Fabian and Weigelt, Matthias and Rein, Robert and Memmert, Daniel},
  journal={Plos one},
  volume={16},
  number={3},
  pages={e0248590},
  year={2021},
  publisher={Public Library of Science San Francisco, CA USA}
}
@article{leitner2022cauldron,
  title={The cauldron has cooled down: a systematic literature review on home advantage in football during the COVID-19 pandemic from a socio-economic and psychological perspective},
  author={Leitner, Michael Christian and Daumann, Frank and Follert, Florian and Richlan, Fabio},
  journal={Management Review Quarterly},
  pages={1--29},
  year={2022},
  publisher={Springer}
}
@book{hox2017multilevel,
  title={Multilevel analysis: Techniques and applications},
  author={Hox, Joop J and Moerbeek, Mirjam and Van de Schoot, Rens},
  year={2017},
  publisher={Routledge}
}
@article{angelini2019efficiency,
  title={Efficiency of online football betting markets},
  author={Angelini, Giovanni and De Angelis, Luca},
  journal={International Journal of Forecasting},
  volume={35},
  number={2},
  pages={712--721},
  year={2019},
  publisher={Elsevier}
}
@article{wunderlich2018betting,
  title={The betting odds rating system: Using soccer forecasts to forecast soccer},
  author={Wunderlich, Fabian and Memmert, Daniel},
  journal={PloS one},
  volume={13},
  number={6},
  pages={e0198668},
  year={2018},
  publisher={Public Library of Science San Francisco, CA USA}
}
@article{pollard2005long,
  title={Long-term trends in home advantage in professional team sports in North America and England (1876--2003)},
  author={Pollard, Richard and Pollard, Gregory},
  journal={Journal of sports sciences},
  volume={23},
  number={4},
  pages={337--350},
  year={2005},
  publisher={Taylor \& Francis}
}
@article{cross2020fans,
  title={Do fans impact sports outcomes? A COVID-19 natural experiment},
  author={Cross, Jeffrey and Uhrig, Richard},
  journal={Journal of Sports Economics},
  pages={15270025221100204},
  year={2020},
  publisher={SAGE Publications Sage CA: Los Angeles, CA}
}
@article{cueva2020animal,
  title={Animal Spirits in the Beautiful Game. Testing social pressure in professional football during the COVID-19 lockdown},
  author={Cueva, Carlos},
  year={2020},
  publisher={OSF Preprints}
}
@article{leitner2021no,
  title={No fans--no pressure: Referees in professional football during the COVID-19 pandemic},
  author={Leitner, Michael Christian and Richlan, Fabio},
  journal={Frontiers in Sports and Active Living},
  pages={221},
  year={2021},
  publisher={Frontiers}
}
@article{jimenez2021home,
  title={Home advantage in European soccer without crowd},
  author={Jim{\'e}nez S{\'a}nchez, {\'A}lvaro and Lav{\'\i}n, Jos{\'e} M},
  journal={Soccer \& Society},
  volume={22},
  number={1-2},
  pages={152--165},
  year={2021},
  publisher={Taylor \& Francis}
}
@article{scoppa2021social,
  title={Social pressure in the stadiums: Do agents change behavior without crowd support?},
  author={Scoppa, Vincenzo},
  journal={Journal of economic psychology},
  volume={82},
  pages={102344},
  year={2021},
  publisher={Elsevier}
}
@article{dohmen2016referee,
  title={Referee bias},
  author={Dohmen, Thomas and Sauermann, Jan},
  journal={Journal of Economic Surveys},
  volume={30},
  number={4},
  pages={679--695},
  year={2016},
  publisher={Wiley Online Library}
}
@article{mccarrick2021home,
  title={Home advantage during the COVID-19 pandemic: Analyses of European football leagues},
  author={McCarrick, Dane and Bilalic, Merim and Neave, Nick and Wolfson, Sandy},
  journal={Psychology of sport and exercise},
  volume={56},
  pages={102013},
  year={2021},
  publisher={Elsevier}
}