@article{ruben,
    author = {van den Goorbergh, Ruben and van Smeden, Maarten and Timmerman, Dirk and Van Calster, Ben},
    title = "{The harm of class imbalance corrections for risk prediction models: illustration and simulation using logistic regression}",
    journal = {Journal of the American Medical Informatics Association},
    volume = {29},
    number = {9},
    pages = {1525-1534},
    year = {2022},
    month = {06},
    issn = {1527-974X},
    doi = {10.1093/jamia/ocac093},
    url = {https://doi.org/10.1093/jamia/ocac093},
    eprint = {https://academic.oup.com/jamia/article-pdf/29/9/1525/45444435/ocac093.pdf},
}
