@article{schrodinger1980present,
  title={The present situation in quantum mechanics: a translation of Schr{\"o}dinger’s ‘cat paradox’paper},
  author={Schr{\"o}dinger, Erwin and Trimmer, John D},
  journal={Proceedings of the American Philosophical Society},
  volume={124},
  number={5},
  pages={323--338},
  year={1980}
}
