@article{bauer2009,
  title={Psychometric approaches for developing commensurate measures across independent studies traditional and new models.},
  author={Bauer, D.J. and Hussong, A.M.},
  journal={Psychological methods},
  volume={14},
  number={2},
  pages={101},
  year={2009},
  publisher={American Psychological Association}
}