
@article{chickering2002,
  title={Optimal structure identification with greedy search},
  author={Chickering, David Maxwell},
  journal={Journal of machine learning research},
  volume={3},
  number={Nov},
  pages={507--554},
  year={2002}
}


@article{mcnally2017,
  title={Co-morbid obsessive--compulsive disorder and depression: A Bayesian network approach},
  author={McNally, RJ and Mair, P and Mugno, BL and Riemann, BC},
  journal={Psychological medicine},
  volume={47},
  number={7},
  pages={1204--1214},
  year={2017},
  publisher={Cambridge University Press}
}



@Manual{R,
  title = {R: A Language and Environment for Statistical Computing},
  author = {{R Core Team}},
  organization = {R Foundation for Statistical Computing},
  address = {Vienna, Austria},
  year = {2022},
  url = {https://www.R-project.org/}
}

@Manual{rcausal,
  title = {rcausal: R-Causal Library},
  author = {Chirayu Wongchokprasitti},
  year = {2019},
  note = {R package version 1.2.1}
}

@Manual{cci,
  title = {CCI: Cyclic Causal Inference},
  author = {Eric V. Strobl},
  year = {2022},
  note = {R package version 0.1.0}
}
  
@inproceedings{TETRAD,
  title={TETRAD - A TOOLBOX FOR CAUSAL DISCOVERY},
  author={Joseph Ramsey and Kun Zhang and Madelyn Glymour and Ruben Sanchez Romero and Biwei Huang and Imm{\'e} and Ebert-Uphoff and Savini M. Samarasinghe and Elizabeth A. Barnes and Clark Glymour},
  year={2018},
  booktitle = {In 8th International Workshop on Climate Informatics}
}